<?xml version="1.0" encoding="UTF-8"?>
<record xmlns="http://www.loc.gov/MARC21/slim" xmlns:xsi="http://www.w3.org/2001/XMLSchema-instance" xsi:schemaLocation="http://www.loc.gov/MARC21/slim http://www.loc.gov/standards/marcxml/schema/MARC21slim.xsd">
<leader>00000cam a22      a 4500</leader>
<controlfield tag="001">001500649</controlfield>
<controlfield tag="003">NNU</controlfield>
<controlfield tag="005">20160112175054.0</controlfield>
<controlfield tag="008">020806s1951    ua       b    001 0 ara d</controlfield>
<datafield tag="035" ind1=" " ind2=" ">
<subfield code="a">(OCoLC)57293219</subfield>
</datafield>
<datafield tag="040" ind1=" " ind2=" ">
<subfield code="a">CUD</subfield>
<subfield code="b">eng</subfield>
<subfield code="c">CUD</subfield>
<subfield code="d">OCLCG</subfield>
<subfield code="d">CUY</subfield>
<subfield code="d">OKU</subfield>
<subfield code="d">GBVCP</subfield>
<subfield code="d">OCLCA</subfield>
<subfield code="d">OCLCQ</subfield>
<subfield code="d">OCLCF</subfield>
</datafield>
<datafield tag="050" ind1=" " ind2="4">
<subfield code="a">DT96</subfield>
<subfield code="b">.I292 1951</subfield>
</datafield>
<datafield tag="050" ind1=" " ind2="4">
<subfield code="a">DT96</subfield>
<subfield code="b">.I13 I96 1951</subfield>
</datafield>
<datafield tag="084" ind1=" " ind2=" ">
<subfield code="a">6,23</subfield>
<subfield code="2">ssgn</subfield>
</datafield>
<datafield tag="100" ind1="0" ind2=" ">
<subfield code="6">880-01</subfield>
<subfield code="a">Ibn Iyās,</subfield>
<subfield code="d">1448-approximately 1524.</subfield>
</datafield>
<datafield tag="240" ind1="1" ind2="0">
<subfield code="6">880-02</subfield>
<subfield code="a">Badāʼiʻ al-zuhūr fī waqāʼiʻ al-duhūr.</subfield>
<subfield code="k">Selections</subfield>
</datafield>
<datafield tag="245" ind1="1" ind2="0">
<subfield code="6">880-03</subfield>
<subfield code="a">Ṣafahāt lam tunshar min Badāʼiʻ al-zuhūr fī waqāʼiʻ al-duhūr /</subfield>
<subfield code="c">taʼlīf Muḥammad ibn Aḥmad ibn Iyās al-Ḥanafī ; ḥaqqaqahu wa-kataba muqaddimatahu wa-ḥawāshīhu wa-fahārisahu Muḥammad Muṣṭafá.</subfield>
</datafield>
<datafield tag="246" ind1="1" ind2="4">
<subfield code="a">Unpublished pages of the Chronicle of Ibn Iyas</subfield>
</datafield>
<datafield tag="260" ind1=" " ind2=" ">
<subfield code="6">880-04</subfield>
<subfield code="a">Miṣr :</subfield>
<subfield code="b">Dār al-Maʻārif,</subfield>
<subfield code="c">1951.</subfield>
</datafield>
<datafield tag="300" ind1=" " ind2=" ">
<subfield code="a">32, 327 pages ;</subfield>
<subfield code="c">24 cm</subfield>
</datafield>
<datafield tag="336" ind1=" " ind2=" ">
<subfield code="a">text</subfield>
<subfield code="b">txt</subfield>
<subfield code="2">rdacontent</subfield>
</datafield>
<datafield tag="337" ind1=" " ind2=" ">
<subfield code="a">unmediated</subfield>
<subfield code="b">n</subfield>
<subfield code="2">rdamedia</subfield>
</datafield>
<datafield tag="338" ind1=" " ind2=" ">
<subfield code="a">volume</subfield>
<subfield code="b">nc</subfield>
<subfield code="2">rdacarrier</subfield>
</datafield>
<datafield tag="500" ind1=" " ind2=" ">
<subfield code="a">At head of title: al-Jamʻīyah al-Malakīyah lil-Dirāsāt al-Tārīkhīyah.</subfield>
</datafield>
<datafield tag="504" ind1=" " ind2=" ">
<subfield code="a">Includes bibliographical references (pages 323-327) and indexes.</subfield>
</datafield>
<datafield tag="650" ind1=" " ind2="0">
<subfield code="a">Mamelukes</subfield>
<subfield code="v">Early works to 1800.</subfield>
</datafield>
<datafield tag="650" ind1=" " ind2="7">
<subfield code="a">Mamelukes.</subfield>
<subfield code="2">fast</subfield>
<subfield code="0">(OCoLC)fst01006922</subfield>
</datafield>
<datafield tag="655" ind1=" " ind2="7">
<subfield code="a">Early works.</subfield>
<subfield code="2">fast</subfield>
<subfield code="0">(OCoLC)fst01411636</subfield>
</datafield>
<datafield tag="700" ind1="1" ind2=" ">
<subfield code="6">880-05</subfield>
<subfield code="a">Muṣṭafá, Muḥammad.</subfield>
</datafield>
<datafield tag="880" ind1="0" ind2=" ">
<subfield code="6">100-01/</subfield>
<subfield code="a">ابن إياس،</subfield>
<subfield code="d">1524 approximately-1448.</subfield>
</datafield>
<datafield tag="880" ind1="1" ind2="0">
<subfield code="6">240-02/</subfield>
<subfield code="a">بدائع الزهور في وقائع الدهور.</subfield>
<subfield code="k">Selections</subfield>
</datafield>
<datafield tag="880" ind1="1" ind2="0">
<subfield code="6">245-03/</subfield>
<subfield code="a">صفحات لم تنشر من بدائع الزهور في وقائع الدهور /</subfield>
<subfield code="c">تأليف محمد بن أحمد بن إياس الحنفي ؛ حققه وكتب مقدمته وحواشيه وفهارسه محمد مصطفى.</subfield>
</datafield>
<datafield tag="880" ind1=" " ind2=" ">
<subfield code="6">260-04/</subfield>
<subfield code="a">مصر :</subfield>
<subfield code="b">دار المعارف،</subfield>
<subfield code="c">1951.</subfield>
</datafield>
<datafield tag="880" ind1="1" ind2=" ">
<subfield code="6">700-05/</subfield>
<subfield code="a">مصطفى، محمد.</subfield>
</datafield>
<datafield tag="OWN" ind1=" " ind2=" ">
<subfield code="a">GENERAL</subfield>
</datafield>
<datafield tag="AVA" ind1=" " ind2=" ">
<subfield code="a">NYU50</subfield>
<subfield code="b">BOBST</subfield>
<subfield code="c">Main Collection</subfield>
<subfield code="d">DT96 .I291 1951</subfield>
<subfield code="e">unavailable</subfield>
<subfield code="t">Unavailable</subfield>
<subfield code="f">1</subfield>
<subfield code="g">1</subfield>
<subfield code="h">N</subfield>
<subfield code="i">0</subfield>
<subfield code="j">MAIN</subfield>
<subfield code="k">0</subfield>
</datafield>
</record>
